@misc{awodey2023hofmannstreicheruniverses,
      title={On Hofmann-Streicher universes},
      author={Steve Awodey},
      year={2023},
      eprint={2205.10917},
      archivePrefix={arXiv},
      primaryClass={math.CT},
      url={https://arxiv.org/abs/2205.10917},
}

@incollection {hofmannstreicher1996,
    AUTHOR = {Hofmann, Martin and Streicher, Thomas},
     TITLE = {The groupoid interpretation of type theory},
 BOOKTITLE = {Twenty-five years of constructive type theory
              ({V}enice, 1995)},
    SERIES = {Oxford Logic Guides},
    VOLUME = {36},
     PAGES = {83--111},
 PUBLISHER = {Oxford Univ. Press},
   ADDRESS = {New York},
      YEAR = {1998},
   MRCLASS = {03B15 (68N15 68Q55)},
  MRNUMBER = {1686862},
}

@misc{joyalnlabmodelstructuresoncat,
  author       = {Andr√© Joyal},
  title           = {Model structures on Cat},
  howpublished          = {\url{https://ncatlab.org/joyalscatlab/published/Model+structures+on+Cat}},
}

@misc{awodey2017naturalmodelshomotopytype,
      title={Natural models of homotopy type theory},
      author={Steve Awodey},
      year={2017},
      eprint={1406.3219},
      archivePrefix={arXiv},
      primaryClass={math.CT},
      url={https://arxiv.org/abs/1406.3219},
}

@misc{streicher1995ExtensionalConceptsInIntensionalTypeTheory,
  title={Extensional concepts in intensional type theory},
  author={Martin Hofmann},
  year={1995},
  url={https://www2.mathematik.tu-darmstadt.de/~streicher/HabilStreicher.pdf},
}
